@string{popl = "ACM SIGPLAN-SIGACT Symposium on Principles of Programming
                Languages (POPL)" }
@string{pacmpl = "Proceedings of the ACM on Programming Languages (PACMPL)"}
@string{dls = "Dynamic Languages Symposium (DLS)" }

@misc{typewhich,
  author = "Luna Phipps-Costin and Carolyn Jane Anderson and Michael Greenberg
            and Arjun Guha",
  title = "Solver-based Gradual Type Migration",
  year = 2021,
  howpublished = "\url{https://khoury.northeastern.edu/~arjunguha/main/papers/2021-typewhich.html}",
  note = "In submission"
}

@inproceedings{rastogi:gti,
  author = "Aseem Rastogi and Avik Chaudhuri and Basil Hosmer",
  title = "The Ins and Outs of Gradual Type Inference",
  booktitle = popl,
  year = 2012
}

@inproceedings{siek:gti,
  author = "Jeremy~G. Siek and Manish Vachharajani",
  title = "Gradual Typing with Unification-based Inference",
  booktitle = dls,
  year = 2008
}

@article{campora:migrating,
  author = "John~Peter Campora and Sheng Chen and Martin Erwig and
            Eric Walkingshaw",
  title = "Migrating Gradual Types",
  year = 2018,
  volume = 2,
  number = {POPL},
  journal = pacmpl,
  month = dec,
  articleno = {15},
  numpages = {29},
}

@article{migeed:decidable,
  author = "Zeina Migeed and Jens Palsberg",
  title = "What is Decidable about Gradual Types?",
  year = 2020,
  volume = 4,
  number = {POPL},
  journal = pacmpl,
  month = dec,
  articleno = {29},
  numpages = {29},
}
